%% Journal article

@article{Traag2019,
  doi = {10.1038/s41598-019-41695-z},
  url = {https://doi.org/10.1038/s41598-019-41695-z},
  year = {2019},
  month = mar,
  publisher = {Springer Science and Business Media {LLC}},
  volume = {9},
  number = {1},
  author = {V. A. Traag and L. Waltman and N. J. van Eck},
  title = {From Louvain to Leiden: guaranteeing well-connected communities},
  journal = {Scientific Reports}
}

@article{Garrison_seqwish_2022,
	doi = {10.1093/bioinformatics/btac743},
	url = {https://doi.org/10.1093\%2Fbioinformatics\%2Fbtac743},
	year = 2022,
	month = {nov},
	publisher = {Oxford University Press ({OUP})},
	volume = {39},
	number = {1},
	author = {Erik Garrison and Andrea Guarracino},
	editor = {Can Alkan},
	title = {Unbiased pangenome graphs},
	journal = {Bioinformatics}
}

@article{Garrison_vcflib_2022,
	doi = {10.1371/journal.pcbi.1009123},
	url = {https://doi.org/10.1371\%2Fjournal.pcbi.1009123},
	year = 2022,
	month = {may},
	publisher = {Public Library of Science ({PLoS})},
	volume = {18},
	number = {5},
	pages = {e1009123},
	author = {Erik Garrison and Zev N. Kronenberg and Eric T. Dawson and Brent S. Pedersen and Pjotr Prins},
	editor = {Dina Schneidman-Duhovny},
	title = {A spectrum of free software tools for processing the {VCF} variant call format: vcflib, bio-vcf, cyvcf2, hts-nim and slivar},
	journal = {PLoS Computational Biology}
}

@article{Nurk2021,
  doi = {10.1101/2021.05.26.445798},
  url = {https://doi.org/10.1101/2021.05.26.445798},
  year = {2021},
  month = may,
  publisher = {Cold Spring Harbor Laboratory},
  author = {Sergey Nurk and Sergey Koren and Arang Rhie and Mikko Rautiainen and Andrey V. Bzikadze and Alla Mikheenko and Mitchell R. Vollger and Nicolas Altemose and Lev Uralsky and Ariel Gershman and Sergey Aganezov and Savannah J. Hoyt and Mark Diekhans and Glennis A. Logsdon and Michael Alonge and Stylianos E. Antonarakis and Matthew Borchers and Gerard G. Bouffard and Shelise Y. Brooks and Gina V. Caldas and Haoyu Cheng and Chen-Shan Chin and William Chow and Leonardo G. de Lima and Philip C. Dishuck and Richard Durbin and Tatiana Dvorkina and Ian T. Fiddes and Giulio Formenti and Robert S. Fulton and Arkarachai Fungtammasan and Erik Garrison and Patrick G.S. Grady and Tina A. Graves-Lindsay and Ira M. Hall and Nancy F. Hansen and Gabrielle A. Hartley and Marina Haukness and Kerstin Howe and Michael W. Hunkapiller and Chirag Jain and Miten Jain and Erich D. Jarvis and Peter Kerpedjiev and Melanie Kirsche and Mikhail Kolmogorov and Jonas Korlach and Milinn Kremitzki and Heng Li and Valerie V. Maduro and Tobias Marschall and Ann M. McCartney and Jennifer McDaniel and Danny E. Miller and James C. Mullikin and Eugene W. Myers and Nathan D. Olson and Benedict Paten and Paul Peluso and Pavel A. Pevzner and David Porubsky and Tamara Potapova and Evgeny I. Rogaev and Jeffrey A. Rosenfeld and Steven L. Salzberg and Valerie A. Schneider and Fritz J. Sedlazeck and Kishwar Shafin and Colin J. Shew and Alaina Shumate and Yumi Sims and Arian F. A. Smit and Daniela C. Soto and Ivan Sovi{\'{c}} and Jessica M. Storer and Aaron Streets and Beth A. Sullivan and Fran{\c{c}}oise Thibaud-Nissen and James Torrance and Justin Wagner and Brian P. Walenz and Aaron Wenger and Jonathan M. D. Wood and Chunlin Xiao and Stephanie M. Yan and Alice C. Young and Samantha Zarate and Urvashi Surti and Rajiv C. McCoy and Megan Y. Dennis and Ivan A. Alexandrov and Jennifer L. Gerton and Rachel J. O'Neill and Winston Timp and Justin M. Zook and Michael C. Schatz and Evan E. Eichler and Karen H. Miga and Adam M. Phillippy},
  title = {The complete sequence of a human genome}
}

@article{Logsdon2021,
  doi = {10.1038/s41586-021-03420-7},
  url = {https://doi.org/10.1038/s41586-021-03420-7},
  year = {2021},
  month = apr,
  publisher = {Springer Science and Business Media {LLC}},
  volume = {593},
  number = {7857},
  pages = {101--107},
  author = {Glennis A. Logsdon and Mitchell R. Vollger and PingHsun Hsieh and Yafei Mao and Mikhail A. Liskovykh and Sergey Koren and Sergey Nurk and Ludovica Mercuri and Philip C. Dishuck and Arang Rhie and Leonardo G. de Lima and Tatiana Dvorkina and David Porubsky and William T. Harvey and Alla Mikheenko and Andrey V. Bzikadze and Milinn Kremitzki and Tina A. Graves-Lindsay and Chirag Jain and Kendra Hoekzema and Shwetha C. Murali and Katherine M. Munson and Carl Baker and Melanie Sorensen and Alexandra M. Lewis and Urvashi Surti and Jennifer L. Gerton and Vladimir Larionov and Mario Ventura and Karen H. Miga and Adam M. Phillippy and Evan E. Eichler},
  title = {The structure,  function and evolution of a complete human chromosome 8},
  journal = {Nature}
}

@article{Ebert2021,
  doi = {10.1126/science.abf7117},
  url = {https://doi.org/10.1126/science.abf7117},
  year = {2021},
  month = apr,
  publisher = {American Association for the Advancement of Science ({AAAS})},
  volume = {372},
  number = {6537},
  author = {Peter Ebert and Peter A. Audano and Qihui Zhu and Bernardo Rodriguez-Martin and David Porubsky and Marc Jan Bonder and Arvis Sulovari and Jana Ebler and Weichen Zhou and Rebecca Serra Mari and Feyza Yilmaz and Xuefang Zhao and PingHsun Hsieh and Joyce Lee and Sushant Kumar and Jiadong Lin and Tobias Rausch and Yu Chen and Jingwen Ren and Martin Santamarina and Wolfram H\"{o}ps and Hufsah Ashraf and Nelson T. Chuang and Xiaofei Yang and Katherine M. Munson and Alexandra P. Lewis and Susan Fairley and Luke J. Tallon and Wayne E. Clarke and Anna O. Basile and Marta Byrska-Bishop and Andr{\'{e}} Corvelo and Uday S. Evani and Tsung-Yu Lu and Mark J. P. Chaisson and Junjie Chen and Chong Li and Harrison Brand and Aaron M. Wenger and Maryam Ghareghani and William T. Harvey and Benjamin Raeder and Patrick Hasenfeld and Allison A. Regier and Haley J. Abel and Ira M. Hall and Paul Flicek and Oliver Stegle and Mark B. Gerstein and Jose M. C. Tubio and Zepeng Mu and Yang I. Li and Xinghua Shi and Alex R. Hastie and Kai Ye and Zechen Chong and Ashley D. Sanders and Michael C. Zody and Michael E. Talkowski and Ryan E. Mills and Scott E. Devine and Charles Lee and Jan O. Korbel and Tobias Marschall and Evan E. Eichler},
  title = {Haplotype-resolved diverse human genomes and integrated analysis of structural variation},
  journal = {Science}
}

@article{zhang2022fast,
  title={Fast sequence to graph alignment using the graph wavefront algorithm},
  author={Zhang, Haowen and Wu, Shiqi and Aluru, Srinivas and Li, Heng},
  journal={arXiv preprint arXiv:2206.13574},
  year={2022}
}

@article{Marcais_2018,
	doi = {10.1371/journal.pcbi.1005944},
	url = {https://doi.org/10.1371\%2Fjournal.pcbi.1005944},
	year = 2018,
	month = {jan},
	publisher = {Public Library of Science ({PLoS})},
	volume = {14},
	number = {1},
	pages = {e1005944},
	author = {Guillaume Mar{\c{c}}ais and Arthur L. Delcher and Adam M. Phillippy and Rachel Coston and Steven L. Salzberg and Aleksey Zimin},
	editor = {Aaron E. Darling},
	title = {{MUMmer}4: A fast and versatile genome alignment system},
	journal = {PLoS Computational Biology}
}

@article{Leonard_2022,
	doi = {10.1101/2022.09.17.508368},
	url = {https://doi.org/10.1101\%2F2022.09.17.508368},
	year = 2022,
	month = {sep},
	publisher = {Cold Spring Harbor Laboratory},
	author = {Alexander S. Leonard and Danang Crysnanto and Xena M. Mapel and Meenu Bhati and Hubert Pausch},
	title = {Graph construction method impacts variation representation and analyses in a bovine super-pangenome}
}

@inproceedings{crysnanto2022comparison,
  title={Comparison of methods for building pangenome graphs},
  author={Crysnanto, Danang and Leonard, Alexander and Pausch, Hubert},
  booktitle={Proceeding of 12th World Congress on Genetics Applied to Livestock Production (WCGALP) Technical and species orientated innovations in animal breeding, and contribution of genetics to solving societal challenges},
  pages={1066--1069},
  year={2022},
  organization={Wageningen Academic Publishers}
}

@article{Lee2002,
  doi = {10.1093/bioinformatics/18.3.452},
  url = {https://doi.org/10.1093/bioinformatics/18.3.452},
  year = {2002},
  month = mar,
  publisher = {Oxford University Press ({OUP})},
  volume = {18},
  number = {3},
  pages = {452--464},
  author = {C. Lee and C. Grasso and M. F. Sharlow},
  title = {Multiple sequence alignment using partial order graphs},
  journal = {Bioinformatics}
}

@article{Li2020,
  doi = {10.1186/s13059-020-02168-z},
  url = {https://doi.org/10.1186/s13059-020-02168-z},
  year = {2020},
  month = oct,
  publisher = {Springer Science and Business Media {LLC}},
  volume = {21},
  number = {1},
  author = {Heng Li and Xiaowen Feng and Chong Chu},
  title = {The design and construction of reference pangenome graphs with minigraph},
  journal = {Genome Biology}
}

@article{Li2018,
  doi = {10.1093/bioinformatics/bty191},
  url = {https://doi.org/10.1093/bioinformatics/bty191},
  year = {2018},
  month = may,
  publisher = {Oxford University Press ({OUP})},
  volume = {34},
  number = {18},
  pages = {3094--3100},
  author = {Heng Li},
  editor = {Inanc Birol},
  title = {Minimap2: pairwise alignment for nucleotide sequences},
  journal = {Bioinformatics}
}

@article{Paten_2017,
	doi = {10.1101/gr.214155.116},
	url = {https://doi.org/10.1101\%2Fgr.214155.116},
	year = 2017,
	month = {mar},
	publisher = {Cold Spring Harbor Laboratory},
	volume = {27},
	number = {5},
	pages = {665--676},
	author = {Benedict Paten and Adam M. Novak and Jordan M. Eizenga and Erik Garrison},
	title = {Genome graphs and the evolution of genome inference},
	journal = {Genome Res.}
}

@article{Eizenga2020,
  doi = {10.1146/annurev-genom-120219-080406},
  url = {https://doi.org/10.1146/annurev-genom-120219-080406},
  year = {2020},
  month = aug,
  publisher = {Annual Reviews},
  volume = {21},
  number = {1},
  pages = {139--162},
  author = {Jordan M. Eizenga and Adam M. Novak and Jonas A. Sibbesen and Simon Heumos and Ali Ghaffaari and Glenn Hickey and Xian Chang and Josiah D. Seaman and Robin Rounthwaite and Jana Ebler and Mikko Rautiainen and Shilpa Garg and Benedict Paten and Tobias Marschall and Jouni Sir{\'{e}}n and Erik Garrison},
  title = {Pangenome Graphs},
  journal = {Annual Review of Genomics and Human Genetics}
}

@article{Sekar2016,
  doi = {10.1038/nature16549},
  url = {https://doi.org/10.1038/nature16549},
  year = {2016},
  month = jan,
  publisher = {Springer Science and Business Media {LLC}},
  volume = {530},
  number = {7589},
  pages = {177--183},
  author = {Aswin Sekar and Allison R. Bialas and Heather de Rivera and Avery Davis and Timothy R. Hammond and Nolan Kamitaki and Katherine Tooley and Jessy Presumey and Matthew Baum and Vanessa Van Doren and Giulio Genovese and Samuel A. Rose and Robert E. Handsaker and Mark J. Daly and Michael C. Carroll and Beth Stevens and Steven A. McCarroll},
  title = {Schizophrenia risk from complex variation of complement component 4},
  journal = {Nature}
}

@article{Hollox2008,
  doi = {10.1186/1471-2148-8-113},
  url = {https://doi.org/10.1186/1471-2148-8-113},
  year = {2008},
  publisher = {Springer Science and Business Media {LLC}},
  volume = {8},
  number = {1},
  pages = {113},
  author = {Edward J Hollox and John AL Armour},
  title = {Directional and balancing selection in human beta-defensins},
  journal = {{BMC} Evolutionary Biology}
}

@article{Vollger2021,
  doi = {10.1101/2021.05.26.445678},
  url = {https://doi.org/10.1101/2021.05.26.445678},
  year = {2021},
  month = may,
  publisher = {Cold Spring Harbor Laboratory},
  author = {Mitchell R. Vollger and Xavi Guitart and Philip C. Dishuck and Ludovica Mercuri and William T. Harvey and Ariel Gershman and Mark Diekhans and Arvis Sulovari and Katherine M. Munson and Alexandra M. Lewis and Kendra Hoekzema and David Porubsky and Ruiyang Li and Sergey Nurk and Sergey Koren and Karen H. Miga and Adam M. Phillippy and Winston Timp and Mario Ventura and Evan E. Eichler},
  title = {Segmental duplications and their variation in a complete human genome}
}

@article{Garrison_2018,
  doi = {10.1038/nbt.4227},
  url = {https://doi.org/10.1038/nbt.4227},
  year = {2018},
  month = oct,
  publisher = {Springer Science and Business Media {LLC}},
  volume = {36},
  number = {9},
  pages = {875--879},
  author = {Erik Garrison and Jouni Sir{\'{e}}n and Adam M Novak and Glenn Hickey and Jordan M Eizenga and Eric T Dawson and William Jones and Shilpa Garg and Charles Markello and Michael F Lin and Benedict Paten and Richard Durbin},
  title = {Variation graph toolkit improves read mapping by representing genetic variation in the reference},
  journal = {Nature Biotechnology}
}

@article{Garrison_2019,
  doi = {10.17863/CAM.41621},
  url = {https://www.repository.cam.ac.uk/handle/1810/294516},
  author = {Garrison,  Erik},
  keywords = {genomics,  pangenomics,  variation graph,  biology,  genetics,  metagenomics,  succinct data structures,  sequence analysis,  genome graph,  alignment,  reference genome,  graph theory},
  title = {Graphical pangenomics},
  publisher = {Apollo - University of Cambridge Repository},
  year = {2019},
  copyright = {Attribution 4.0 International (CC BY 4.0)}
}

@article{Hickey_2023,
	doi = {10.1038/s41587-023-01793-w},
	url = {https://doi.org/10.1038\%2Fs41587-023-01793-w},
	year = 2023,
	month = {may},
	publisher = {Springer Science and Business Media {LLC}},
	author = {Glenn Hickey and Jean Monlong and Jana Ebler and Adam M. Novak and Jordan M. Eizenga and Yan Gao and Haley J. Abel and Lucinda L. Antonacci-Fulton and Mobin Asri and Gunjan Baid and Carl A. Baker and Anastasiya Belyaeva and Konstantinos Billis and Guillaume Bourque and Silvia Buonaiuto and Andrew Carroll and Mark J. P. Chaisson and Pi-Chuan Chang and Xian H. Chang and Haoyu Cheng and Justin Chu and Sarah Cody and Vincenza Colonna and Daniel E. Cook and Robert M. Cook-Deegan and Omar E. Cornejo and Mark Diekhans and Daniel Doerr and Peter Ebert and Jana Ebler and Evan E. Eichler and Susan Fairley and Olivier Fedrigo and Adam L. Felsenfeld and Xiaowen Feng and Christian Fischer and Paul Flicek and Giulio Formenti and Adam Frankish and Robert S. Fulton and Shilpa Garg and Erik Garrison and Nanibaa' A. Garrison and Carlos Garcia Giron and Richard E. Green and Cristian Groza and Andrea Guarracino and Leanne Haggerty and Ira M. Hall and William T. Harvey and Marina Haukness and David Haussler and Simon Heumos and Kendra Hoekzema and Thibaut Hourlier and Kerstin Howe and Miten Jain and Erich D. Jarvis and Hanlee P. Ji and Eimear E. Kenny and Barbara A. Koenig and Alexey Kolesnikov and Jan O. Korbel and Jennifer Kordosky and Sergey Koren and HoJoon Lee and Alexandra P. Lewis and Wen-Wei Liao and Shuangjia Lu and Tsung-Yu Lu and Julian K. Lucas and Hugo Magalh{\~{a}}es and Santiago Marco-Sola and Pierre Marijon and Charles Markello and Tobias Marschall and Fergal J. Martin and Ann McCartney and Jennifer McDaniel and Karen H. Miga and Matthew W. Mitchell and Jacquelyn Mountcastle and Katherine M. Munson and Moses Njagi Mwaniki and Maria Nattestad and Sergey Nurk and Hugh E. Olsen and Nathan D. Olson and Trevor Pesout and Adam M. Phillippy and Alice B. Popejoy and David Porubsky and Pjotr Prins and Daniela Puiu and Mikko Rautiainen and Allison A. Regier and Arang Rhie and Samuel Sacco and Ashley D. Sanders and Valerie A. Schneider and Baergen I. Schultz and Kishwar Shafin and Jonas A. Sibbesen and Jouni Sir{\'{e}}n and Michael W. Smith and Heidi J. Sofia and Ahmad N. Abou Tayoun and Fran{\c{c}}oise Thibaud-Nissen and Chad Tomlinson and Francesca Floriana Tricomi and Flavia Villani and Mitchell R. Vollger and Justin Wagner and Brian Walenz and Ting Wang and Jonathan M. D. Wood and Aleksey V. Zimin and Justin M. Zook and Tobias Marschall and Heng Li and Benedict Paten},
	title = {Pangenome graph construction from genome alignments with Minigraph-Cactus},
	journal = {Nat Biotechnol}
}

@article{Zhou_2022,
	doi = {10.1038/s41586-022-04808-9},
	url = {https://doi.org/10.1038\%2Fs41586-022-04808-9},
	year = 2022,
	month = {jun},
	publisher = {Springer Science and Business Media {LLC}},
	volume = {606},
	number = {7914},
	pages = {527--534},
	author = {Yao Zhou and Zhiyang Zhang and Zhigui Bao and Hongbo Li and Yaqing Lyu and Yanjun Zan and Yaoyao Wu and Lin Cheng and Yuhan Fang and Kun Wu and Jinzhe Zhang and Hongjun Lyu and Tao Lin and Qiang Gao and Surya Saha and Lukas Mueller and Zhangjun Fei and Thomas Städler and Shizhong Xu and Zhiwu Zhang and Doug Speed and Sanwen Huang},
	title = {Graph pangenome captures missing heritability and empowers tomato breeding},
	journal = {Nature}
}

@article{Noll_2022,
	doi = {10.1101/2022.02.24.481757},
	url = {https://doi.org/10.1101\%2F2022.02.24.481757},
	year = 2022,
	month = {feb},
	publisher = {Cold Spring Harbor Laboratory},
	author = {Nicholas Noll and Marco Molari and Liam P. Shaw and Richard A. Neher},
	title = {{PanGraph}: scalable bacterial pan-genome graph construction}
}

@article{Liao_2023,
	doi = {10.1038/s41586-023-05896-x},
	url = {https://doi.org/10.1038\%2Fs41586-023-05896-x},
	year = 2023,
	month = {may},
	publisher = {Springer Science and Business Media {LLC}},
	volume = {617},
	number = {7960},
	pages = {312--324},
	author = {Wen-Wei Liao and Mobin Asri and Jana Ebler and Daniel Doerr and Marina Haukness and Glenn Hickey and Shuangjia Lu and Julian K. Lucas and Jean Monlong and Haley J. Abel and Silvia Buonaiuto and Xian H. Chang and Haoyu Cheng and Justin Chu and Vincenza Colonna and Jordan M. Eizenga and Xiaowen Feng and Christian Fischer and Robert S. Fulton and Shilpa Garg and Cristian Groza and Andrea Guarracino and William T. Harvey and Simon Heumos and Kerstin Howe and Miten Jain and Tsung-Yu Lu and Charles Markello and Fergal J. Martin and Matthew W. Mitchell and Katherine M. Munson and Moses Njagi Mwaniki and Adam M. Novak and Hugh E. Olsen and Trevor Pesout and David Porubsky and Pjotr Prins and Jonas A. Sibbesen and Jouni Sir{\'{e}}n and Chad Tomlinson and Flavia Villani and Mitchell R. Vollger and Lucinda L. Antonacci-Fulton and Gunjan Baid and Carl A. Baker and Anastasiya Belyaeva and Konstantinos Billis and Andrew Carroll and Pi-Chuan Chang and Sarah Cody and Daniel E. Cook and Robert M. Cook-Deegan and Omar E. Cornejo and Mark Diekhans and Peter Ebert and Susan Fairley and Olivier Fedrigo and Adam L. Felsenfeld and Giulio Formenti and Adam Frankish and Yan Gao and Nanibaa' A. Garrison and Carlos Garcia Giron and Richard E. Green and Leanne Haggerty and Kendra Hoekzema and Thibaut Hourlier and Hanlee P. Ji and Eimear E. Kenny and Barbara A. Koenig and Alexey Kolesnikov and Jan O. Korbel and Jennifer Kordosky and Sergey Koren and HoJoon Lee and Alexandra P. Lewis and Hugo Magalh{\~{a}}es and Santiago Marco-Sola and Pierre Marijon and Ann McCartney and Jennifer McDaniel and Jacquelyn Mountcastle and Maria Nattestad and Sergey Nurk and Nathan D. Olson and Alice B. Popejoy and Daniela Puiu and Mikko Rautiainen and Allison A. Regier and Arang Rhie and Samuel Sacco and Ashley D. Sanders and Valerie A. Schneider and Baergen I. Schultz and Kishwar Shafin and Michael W. Smith and Heidi J. Sofia and Ahmad N. Abou Tayoun and Fran{\c{c}}oise Thibaud-Nissen and Francesca Floriana Tricomi and Justin Wagner and Brian Walenz and Jonathan M. D. Wood and Aleksey V. Zimin and Guillaume Bourque and Mark J. P. Chaisson and Paul Flicek and Adam M. Phillippy and Justin M. Zook and Evan E. Eichler and David Haussler and Ting Wang and Erich D. Jarvis and Karen H. Miga and Erik Garrison and Tobias Marschall and Ira M. Hall and Heng Li and Benedict Paten},
	title = {A draft human pangenome reference},
	journal = {Nature}
}

@article{Minkin_2016,
	doi = {10.1093/bioinformatics/btw609},
	url = {https://doi.org/10.1093\%2Fbioinformatics\%2Fbtw609},
	year = 2016,
	month = {sep},
	publisher = {Oxford University Press ({OUP})},
	volume = {33},
	number = {24},
	pages = {4024--4032},
	author = {Ilia Minkin and Son Pham and Paul Medvedev},
	editor = {Alfonso Valencia},
	title = {{TwoPaCo}: an efficient algorithm to build the compacted de Bruijn graph from many complete genomes},
	journal = {Bioinformatics}
}

@misc{Guarracino_wfmash_2021,
  author = {Guarracino, Andrea and Mwaniki, Njagi and Marco-Sola, Santiago and Garrison, Erik},
  license = {MIT},
  month = {9},
  title = {{wfmash: whole-chromosome pairwise alignment using the hierarchical wavefront algorithm}},
  url = {https://github.com/ekg/wfmash},
  version = {0.7.0},
  year = {2021}
}

@article{Marco_Sola_2020,
	doi = {10.1093/bioinformatics/btaa777},
	url = {https://doi.org/10.1093\%2Fbioinformatics\%2Fbtaa777},
	year = 2020,
	month = {sep},
	publisher = {Oxford University Press ({OUP})},
	author = {Santiago Marco-Sola and Juan Carlos Moure and Miquel Moreto and Antonio Espinosa},
	editor = {Peter Robinson},
	title = {Fast gap-affine pairwise alignment using the wavefront algorithm},
	journal = {Bioinformatics}
}

@article{Marco_Sola_2023,
	doi = {10.1093/bioinformatics/btad074},
	url = {https://doi.org/10.1093\%2Fbioinformatics\%2Fbtad074},
	year = 2023,
	month = {feb},
	publisher = {Oxford University Press ({OUP})},
	volume = {39},
	number = {2},
	author = {Santiago Marco-Sola and Jordan M Eizenga and Andrea Guarracino and Benedict Paten and Erik Garrison and Miquel Moreto},
	editor = {Pier Luigi Martelli},
	title = {Optimal gap-affine alignment in O(s) space},
	journal = {Bioinformatics}
}

@article{Armstrong2020,
  doi = {10.1038/s41586-020-2871-y},
  url = {https://doi.org/10.1038/s41586-020-2871-y},
  year = {2020},
  month = nov,
  publisher = {Springer Science and Business Media {LLC}},
  volume = {587},
  number = {7833},
  pages = {246--251},
  author = {Joel Armstrong and Glenn Hickey and Mark Diekhans and Ian T. Fiddes and Adam M. Novak and Alden Deran and Qi Fang and Duo Xie and Shaohong Feng and Josefin Stiller and Diane Genereux and Jeremy Johnson and Voichita Dana Marinescu and Jessica Alf\"{o}ldi and Robert S. Harris and Kerstin Lindblad-Toh and David Haussler and Elinor Karlsson and Erich D. Jarvis and Guojie Zhang and Benedict Paten},
  title = {Progressive Cactus is a multiple-genome aligner for the thousand-genome era},
  journal = {Nature}
}

@article{Grasso2004,
  doi = {10.1093/bioinformatics/bth126},
  url = {https://doi.org/10.1093/bioinformatics/bth126},
  year = {2004},
  month = feb,
  publisher = {Oxford University Press ({OUP})},
  volume = {20},
  number = {10},
  pages = {1546--1556},
  author = {C. Grasso and C. Lee},
  title = {Combining partial order alignment and progressive multiple sequence alignment increases alignment speed and scalability to very large alignment problems},
  journal = {Bioinformatics}
}

@article{Scally2012,
  doi = {10.1038/nature10842},
  url = {https://doi.org/10.1038/nature10842},
  year = {2012},
  month = mar,
  publisher = {Springer Science and Business Media {LLC}},
  volume = {483},
  number = {7388},
  pages = {169--175},
  author = {Aylwyn Scally and Julien Y. Dutheil and LaDeana W. Hillier and Gregory E. Jordan and Ian Goodhead and Javier Herrero and Asger Hobolth and Tuuli Lappalainen and Thomas Mailund and Tomas Marques-Bonet and Shane McCarthy and Stephen H. Montgomery and Petra C. Schwalie and Y. Amy Tang and Michelle C. Ward and Yali Xue and Bryndis Yngvadottir and Can Alkan and Lars N. Andersen and Qasim Ayub and Edward V. Ball and Kathryn Beal and Brenda J. Bradley and Yuan Chen and Chris M. Clee and Stephen Fitzgerald and Tina A. Graves and Yong Gu and Paul Heath and Andreas Heger and Emre Karakoc and Anja Kolb-Kokocinski and Gavin K. Laird and Gerton Lunter and Stephen Meader and Matthew Mort and James C. Mullikin and Kasper Munch and Timothy D. O'Connor and Andrew D. Phillips and Javier Prado-Martinez and Anthony S. Rogers and Saba Sajjadian and Dominic Schmidt and Katy Shaw and Jared T. Simpson and Peter D. Stenson and Daniel J. Turner and Linda Vigilant and Albert J. Vilella and Weldon Whitener and Baoli Zhu and David N. Cooper and Pieter de Jong and Emmanouil T. Dermitzakis and Evan E. Eichler and Paul Flicek and Nick Goldman and Nicholas I. Mundy and Zemin Ning and Duncan T. Odom and Chris P. Ponting and Michael A. Quail and Oliver A. Ryder and Stephen M. Searle and Wesley C. Warren and Richard K. Wilson and Mikkel H. Schierup and Jane Rogers and Chris Tyler-Smith and Richard Durbin},
  title = {Insights into hominid evolution from the gorilla genome sequence},
  journal = {Nature}
}

@article{Mose2019,
  doi = {10.1093/bioinformatics/btz033},
  url = {https://doi.org/10.1093/bioinformatics/btz033},
  year = {2019},
  month = jan,
  publisher = {Oxford University Press ({OUP})},
  volume = {35},
  number = {17},
  pages = {2966--2973},
  author = {Lisle E Mose and Charles M Perou and Joel S Parker},
  editor = {Oliver Stegle},
  title = {Improved indel detection in {DNA} and {RNA} via realignment with {ABRA}2},
  journal = {Bioinformatics}
}

@article{Guarracino_odgi_2022,
  doi = {10.1093/bioinformatics/btac308},
  url = {https://doi.org/10.1093/bioinformatics/btac308},
  year = {2022},
  month = may,
  publisher = {Oxford University Press ({OUP})},
  author = {Andrea Guarracino and Simon Heumos and Sven Nahnsen and Pjotr Prins and Erik Garrison},
  editor = {Peter Robinson},
  title = {{ODGI}: understanding pangenome graphs},
  journal = {Bioinformatics}
}

@article{Jain_2018,
	doi = {10.1093/bioinformatics/bty597},
	url = {https://doi.org/10.1093\%2Fbioinformatics\%2Fbty597},
	year = 2018,
	month = {sep},
	publisher = {Oxford University Press ({OUP})},
	volume = {34},
	number = {17},
	pages = {i748--i756},
	author = {Chirag Jain and Sergey Koren and Alexander Dilthey and Adam M Phillippy and Srinivas Aluru},
	title = {A fast adaptive algorithm for computing whole-genome homology maps},
	journal = {Bioinformatics}
}

@article{Guarracino_2023,
	doi = {10.1038/s41586-023-05976-y},
	url = {https://doi.org/10.1038\%2Fs41586-023-05976-y},
	year = 2023,
	month = {may},
	publisher = {Springer Science and Business Media {LLC}},
	volume = {617},
	number = {7960},
	pages = {335--343},
	author = {Andrea Guarracino and Silvia Buonaiuto and Leonardo Gomes de Lima and Tamara Potapova and Arang Rhie and Sergey Koren and Boris Rubinstein and Christian Fischer and Haley J. Abel and Lucinda L. Antonacci-Fulton and Mobin Asri and Gunjan Baid and Carl A. Baker and Anastasiya Belyaeva and Konstantinos Billis and Guillaume Bourque and Andrew Carroll and Mark J. P. Chaisson and Pi-Chuan Chang and Xian H. Chang and Haoyu Cheng and Justin Chu and Sarah Cody and Daniel E. Cook and Robert M. Cook-Deegan and Omar E. Cornejo and Mark Diekhans and Daniel Doerr and Peter Ebert and Jana Ebler and Evan E. Eichler and Jordan M. Eizenga and Susan Fairley and Olivier Fedrigo and Adam L. Felsenfeld and Xiaowen Feng and Paul Flicek and Giulio Formenti and Adam Frankish and Robert S. Fulton and Yan Gao and Shilpa Garg and Nanibaa' A. Garrison and Carlos Garcia Giron and Richard E. Green and Cristian Groza and Leanne Haggerty and Ira Hall and William T. Harvey and Marina Haukness and David Haussler and Simon Heumos and Glenn Hickey and Kendra Hoekzema and Thibaut Hourlier and Kerstin Howe and Miten Jain and Erich D. Jarvis and Hanlee P. Ji and Eimear E. Kenny and Barbara A. Koenig and Alexey Kolesnikov and Jan O. Korbel and Jennifer Kordosky and HoJoon Lee and Alexandra P. Lewis and Heng Li and Wen-Wei Liao and Shuangjia Lu and Tsung-Yu Lu and Julian K. Lucas and Hugo Magalh{\~{a}}es and Santiago Marco-Sola and Pierre Marijon and Charles Markello and Tobias Marschall and Fergal J. Martin and Ann McCartney and Jennifer McDaniel and Karen H. Miga and Matthew W. Mitchell and Jean Monlong and Jacquelyn Mountcastle and Katherine M. Munson and Moses Njagi Mwaniki and Maria Nattestad and Adam M. Novak and Sergey Nurk and Hugh E. Olsen and Nathan D. Olson and Benedict Paten and Trevor Pesout and Alice B. Popejoy and David Porubsky and Pjotr Prins and Daniela Puiu and Mikko Rautiainen and Allison A. Regier and Samuel Sacco and Ashley D. Sanders and Valerie A. Schneider and Baergen I. Schultz and Kishwar Shafin and Jonas A. Sibbesen and Jouni Sir{\'{e}}n and Michael W. Smith and Heidi J. Sofia and Ahmad N. Abou Tayoun and Fran{\c{c}}oise Thibaud-Nissen and Chad Tomlinson and Francesca Floriana Tricomi and Flavia Villani and Mitchell R. Vollger and Justin Wagner and Brian Walenz and Ting Wang and Jonathan M. D. Wood and Aleksey V. Zimin and Justin M. Zook and Jennifer L. Gerton and Adam M. Phillippy and Vincenza Colonna and Erik Garrison},
	title = {Recombination between heterologous human acrocentric chromosomes},
	journal = {Nature}
}

@article{Ewels2016,
 author = {Ewels, Philip and Magnusson, Måns and Lundin, Sverker and Käller, Max},
 title = {MultiQC: summarize analysis results for multiple tools and samples in a single report},
 journal = {Bioinformatics},
 volume = {32},
 number = {19},
 pages = {3047},
 year = {2016},
 doi = {10.1093/bioinformatics/btw354},
 URL = {http://dx.doi.org/10.1093/bioinformatics/btw354},
}

@inproceedings{bollobas2001evolution,
  title={The evolution of random graphs—the giant component},
  author={Bollob{\'a}s, B{\'e}la},
  booktitle={Random graphs},
  volume={184},
  pages={130--59},
  year={2001},
  organization={Cambridge university press Cambridge}
}

@article{Vollger_2023,
	doi = {10.1038/s41586-023-05895-y},
	url = {https://doi.org/10.1038\%2Fs41586-023-05895-y},
	year = 2023,
	month = {may},
	publisher = {Springer Science and Business Media {LLC}},
	volume = {617},
	number = {7960},
	pages = {325--334},
	author = {Mitchell R. Vollger and Philip C. Dishuck and William T. Harvey and William S. DeWitt and Xavi Guitart and Michael E. Goldberg and Allison N. Rozanski and Julian Lucas and Mobin Asri and Haley J. Abel and Lucinda L. Antonacci-Fulton and Gunjan Baid and Carl A. Baker and Anastasiya Belyaeva and Konstantinos Billis and Guillaume Bourque and Silvia Buonaiuto and Andrew Carroll and Mark J. P. Chaisson and Pi-Chuan Chang and Xian H. Chang and Haoyu Cheng and Justin Chu and Sarah Cody and Vincenza Colonna and Daniel E. Cook and Robert M. Cook-Deegan and Omar E. Cornejo and Mark Diekhans and Daniel Doerr and Peter Ebert and Jana Ebler and Jordan M. Eizenga and Susan Fairley and Olivier Fedrigo and Adam L. Felsenfeld and Xiaowen Feng and Christian Fischer and Paul Flicek and Giulio Formenti and Adam Frankish and Robert S. Fulton and Yan Gao and Shilpa Garg and Erik Garrison and Nanibaa' A. Garrison and Carlos Garcia Giron and Richard E. Green and Cristian Groza and Andrea Guarracino and Leanne Haggerty and Ira M. Hall and Marina Haukness and David Haussler and Simon Heumos and Glenn Hickey and Thibaut Hourlier and Kerstin Howe and Miten Jain and Erich D. Jarvis and Hanlee P. Ji and Eimear E. Kenny and Barbara A. Koenig and Alexey Kolesnikov and Jan O. Korbel and Jennifer Kordosky and Sergey Koren and HoJoon Lee and Heng Li and Wen-Wei Liao and Shuangjia Lu and Tsung-Yu Lu and Julian K. Lucas and Hugo Magalh{\~{a}}es and Santiago Marco-Sola and Pierre Marijon and Charles Markello and Tobias Marschall and Fergal J. Martin and Ann McCartney and Jennifer McDaniel and Karen H. Miga and Matthew W. Mitchell and Jean Monlong and Jacquelyn Mountcastle and Moses Njagi Mwaniki and Maria Nattestad and Adam M. Novak and Sergey Nurk and Hugh E. Olsen and Nathan D. Olson and Benedict Paten and Trevor Pesout and Adam M. Phillippy and Alice B. Popejoy and Pjotr Prins and Daniela Puiu and Mikko Rautiainen and Allison A. Regier and Arang Rhie and Samuel Sacco and Ashley D. Sanders and Valerie A. Schneider and Baergen I. Schultz and Kishwar Shafin and Jonas A. Sibbesen and Jouni Sir{\'{e}}n and Michael W. Smith and Heidi J. Sofia and Ahmad N. Abou Tayoun and Fran{\c{c}}oise Thibaud-Nissen and Chad Tomlinson and Francesca Floriana Tricomi and Flavia Villani and Mitchell R. Vollger and Justin Wagner and Brian Walenz and Ting Wang and Jonathan M. D. Wood and Aleksey V. Zimin and Justin M. Zook and Katherine M. Munson and Alexandra P. Lewis and Kendra Hoekzema and Glennis A. Logsdon and David Porubsky and Benedict Paten and Kelley Harris and PingHsun Hsieh and Evan E. Eichler},
	title = {Increased mutation and gene conversion within human segmental duplications},
	journal = {Nature}
}

@article{Cagan_2016,
	doi = {10.1093/molbev/msw215},
	url = {https://doi.org/10.1093\%2Fmolbev\%2Fmsw215},
	year = 2016,
	month = {oct},
	publisher = {Oxford University Press ({OUP})},
	volume = {33},
	number = {12},
	pages = {3268--3283},
	author = {Alexander Cagan and Christoph Theunert and Hafid Laayouni and Gabriel Santpere and Marc Pybus and Ferran Casals and Kay Prüfer and Arcadi Navarro and Tomas Marques-Bonet and Jaume Bertranpetit and Aida M. Andr{\'{e}}s},
	title = {Natural Selection in the Great Apes},
	journal = {Mol Biol Evol}
}

@misc{Fischer_2022,
  doi = {10.5281/ZENODO.6954035},
  url = {https://zenodo.org/record/6954035},
  author = {Fischer,  Christian and Garrison,  Erik},
  title = {chfi/gfaestus: a pangenome graph browser},
  publisher = {Zenodo},
  year = {2022},
  copyright = {Open Access}
}

@misc{Doerr_2023,
  author = {Doerr, Daniel and Marijon, Pierre and Marschall, Tobias},
  license = {MIT},
  month = {3},
  title = {{GFAffix identifies walk-preserving shared affixes in variation graphs and collapses them into a non-redundant graph structure}},
  url = {https://github.com/marschall-lab/GFAffix},
  version = {0.1.4b},
  year = {2023}
}


@article{Llamas_2021,
	doi = {10.12688/f1000research.19630.2},
	url = {https://doi.org/10.12688\%2Ff1000research.19630.2},
	year = 2021,
	month = {jul},
	publisher = {F1000 Research Ltd},
	volume = {8},
	pages = {1751},
	author = {Bastien Llamas and Giuseppe Narzisi and Valerie Schneider and Peter A. Audano and Evan Biederstedt and Lon Blauvelt and Peter Bradbury and Xian Chang and Chen-Shan Chin and Arkarachai Fungtammasan and Wayne E. Clarke and Alan Cleary and Jana Ebler and Jordan Eizenga and Jonas A. Sibbesen and Charles J. Markello and Erik Garrison and Shilpa Garg and Glenn Hickey and Gerard R. Lazo and Michael F. Lin and Medhat Mahmoud and Tobias Marschall and Ilia Minkin and Jean Monlong and Rajeeva L. Musunuri and Sagayamary Sagayaradj and Adam M. Novak and Mikko Rautiainen and Allison Regier and Fritz J. Sedlazeck and Jouni Siren and Yassine Souilmi and Justin Wagner and Travis Wrightsman and Toshiyuki T. Yokoyama and Qiandong Zeng and Justin M. Zook and Benedict Paten and Ben Busby},
	title = {A strategy for building and using a human reference pangenome},
	journal = {F1000Res}
}

@article{Paten_2018,
	doi = {10.1089/cmb.2017.0251},
	url = {https://doi.org/10.1089\%2Fcmb.2017.0251},
	year = 2018,
	month = {jul},
	publisher = {Mary Ann Liebert Inc},
	volume = {25},
	number = {7},
	pages = {649--663},
	author = {Benedict Paten and Jordan M. Eizenga and Yohei M. Rosen and Adam M. Novak and Erik Garrison and Glenn Hickey},
	title = {Superbubbles, Ultrabubbles, and Cacti},
	journal = {Journal of Computational Biology}
}

@article{Vaser_2017,
	doi = {10.1101/gr.214270.116},
	url = {https://doi.org/10.1101\%2Fgr.214270.116},
	year = 2017,
	month = {jan},
	publisher = {Cold Spring Harbor Laboratory},
	volume = {27},
	number = {5},
	pages = {737--746},
	author = {Robert Vaser and Ivan Sovi{\'{c}} and Niranjan Nagarajan and Mile {\v{S}}iki{\'{c}}},
	title = {Fast and accurate de novo genome assembly from long uncorrected reads},
	journal = {Genome Res.}
}

@article{Gao_2020,
	doi = {10.1093/bioinformatics/btaa963},
	url = {https://doi.org/10.1093\%2Fbioinformatics\%2Fbtaa963},
	year = 2020,
	month = {nov},
	publisher = {Oxford University Press ({OUP})},
	volume = {37},
	number = {15},
	pages = {2209--2211},
	author = {Yan Gao and Yongzhuang Liu and Yanmei Ma and Bo Liu and Yadong Wang and Yi Xing},
	editor = {Kelso Janet},
	title = {{abPOA}: an {SIMD}-based C library for fast partial order alignment using adaptive band},
	journal = {Bioinformatics}
}