%% Journal article

@article{Nurk2021,
  doi = {10.1101/2021.05.26.445798},
  url = {https://doi.org/10.1101/2021.05.26.445798},
  year = {2021},
  month = may,
  publisher = {Cold Spring Harbor Laboratory},
  author = {Sergey Nurk and Sergey Koren and Arang Rhie and Mikko Rautiainen and Andrey V. Bzikadze and Alla Mikheenko and Mitchell R. Vollger and Nicolas Altemose and Lev Uralsky and Ariel Gershman and Sergey Aganezov and Savannah J. Hoyt and Mark Diekhans and Glennis A. Logsdon and Michael Alonge and Stylianos E. Antonarakis and Matthew Borchers and Gerard G. Bouffard and Shelise Y. Brooks and Gina V. Caldas and Haoyu Cheng and Chen-Shan Chin and William Chow and Leonardo G. de Lima and Philip C. Dishuck and Richard Durbin and Tatiana Dvorkina and Ian T. Fiddes and Giulio Formenti and Robert S. Fulton and Arkarachai Fungtammasan and Erik Garrison and Patrick G.S. Grady and Tina A. Graves-Lindsay and Ira M. Hall and Nancy F. Hansen and Gabrielle A. Hartley and Marina Haukness and Kerstin Howe and Michael W. Hunkapiller and Chirag Jain and Miten Jain and Erich D. Jarvis and Peter Kerpedjiev and Melanie Kirsche and Mikhail Kolmogorov and Jonas Korlach and Milinn Kremitzki and Heng Li and Valerie V. Maduro and Tobias Marschall and Ann M. McCartney and Jennifer McDaniel and Danny E. Miller and James C. Mullikin and Eugene W. Myers and Nathan D. Olson and Benedict Paten and Paul Peluso and Pavel A. Pevzner and David Porubsky and Tamara Potapova and Evgeny I. Rogaev and Jeffrey A. Rosenfeld and Steven L. Salzberg and Valerie A. Schneider and Fritz J. Sedlazeck and Kishwar Shafin and Colin J. Shew and Alaina Shumate and Yumi Sims and Arian F. A. Smit and Daniela C. Soto and Ivan Sovi{\'{c}} and Jessica M. Storer and Aaron Streets and Beth A. Sullivan and Fran{\c{c}}oise Thibaud-Nissen and James Torrance and Justin Wagner and Brian P. Walenz and Aaron Wenger and Jonathan M. D. Wood and Chunlin Xiao and Stephanie M. Yan and Alice C. Young and Samantha Zarate and Urvashi Surti and Rajiv C. McCoy and Megan Y. Dennis and Ivan A. Alexandrov and Jennifer L. Gerton and Rachel J. O'Neill and Winston Timp and Justin M. Zook and Michael C. Schatz and Evan E. Eichler and Karen H. Miga and Adam M. Phillippy},
  title = {The complete sequence of a human genome}
}

@article{Logsdon2021,
  doi = {10.1038/s41586-021-03420-7},
  url = {https://doi.org/10.1038/s41586-021-03420-7},
  year = {2021},
  month = apr,
  publisher = {Springer Science and Business Media {LLC}},
  volume = {593},
  number = {7857},
  pages = {101--107},
  author = {Glennis A. Logsdon and Mitchell R. Vollger and PingHsun Hsieh and Yafei Mao and Mikhail A. Liskovykh and Sergey Koren and Sergey Nurk and Ludovica Mercuri and Philip C. Dishuck and Arang Rhie and Leonardo G. de Lima and Tatiana Dvorkina and David Porubsky and William T. Harvey and Alla Mikheenko and Andrey V. Bzikadze and Milinn Kremitzki and Tina A. Graves-Lindsay and Chirag Jain and Kendra Hoekzema and Shwetha C. Murali and Katherine M. Munson and Carl Baker and Melanie Sorensen and Alexandra M. Lewis and Urvashi Surti and Jennifer L. Gerton and Vladimir Larionov and Mario Ventura and Karen H. Miga and Adam M. Phillippy and Evan E. Eichler},
  title = {The structure,  function and evolution of a complete human chromosome 8},
  journal = {Nature}
}

@article{Ebert2021,
  doi = {10.1126/science.abf7117},
  url = {https://doi.org/10.1126/science.abf7117},
  year = {2021},
  month = apr,
  publisher = {American Association for the Advancement of Science ({AAAS})},
  volume = {372},
  number = {6537},
  author = {Peter Ebert and Peter A. Audano and Qihui Zhu and Bernardo Rodriguez-Martin and David Porubsky and Marc Jan Bonder and Arvis Sulovari and Jana Ebler and Weichen Zhou and Rebecca Serra Mari and Feyza Yilmaz and Xuefang Zhao and PingHsun Hsieh and Joyce Lee and Sushant Kumar and Jiadong Lin and Tobias Rausch and Yu Chen and Jingwen Ren and Martin Santamarina and Wolfram H\"{o}ps and Hufsah Ashraf and Nelson T. Chuang and Xiaofei Yang and Katherine M. Munson and Alexandra P. Lewis and Susan Fairley and Luke J. Tallon and Wayne E. Clarke and Anna O. Basile and Marta Byrska-Bishop and Andr{\'{e}} Corvelo and Uday S. Evani and Tsung-Yu Lu and Mark J. P. Chaisson and Junjie Chen and Chong Li and Harrison Brand and Aaron M. Wenger and Maryam Ghareghani and William T. Harvey and Benjamin Raeder and Patrick Hasenfeld and Allison A. Regier and Haley J. Abel and Ira M. Hall and Paul Flicek and Oliver Stegle and Mark B. Gerstein and Jose M. C. Tubio and Zepeng Mu and Yang I. Li and Xinghua Shi and Alex R. Hastie and Kai Ye and Zechen Chong and Ashley D. Sanders and Michael C. Zody and Michael E. Talkowski and Ryan E. Mills and Scott E. Devine and Charles Lee and Jan O. Korbel and Tobias Marschall and Evan E. Eichler},
  title = {Haplotype-resolved diverse human genomes and integrated analysis of structural variation},
  journal = {Science}
}

@article{Lee2002,
  doi = {10.1093/bioinformatics/18.3.452},
  url = {https://doi.org/10.1093/bioinformatics/18.3.452},
  year = {2002},
  month = mar,
  publisher = {Oxford University Press ({OUP})},
  volume = {18},
  number = {3},
  pages = {452--464},
  author = {C. Lee and C. Grasso and M. F. Sharlow},
  title = {Multiple sequence alignment using partial order graphs},
  journal = {Bioinformatics}
}

@article{Li2020,
  doi = {10.1186/s13059-020-02168-z},
  url = {https://doi.org/10.1186/s13059-020-02168-z},
  year = {2020},
  month = oct,
  publisher = {Springer Science and Business Media {LLC}},
  volume = {21},
  number = {1},
  author = {Heng Li and Xiaowen Feng and Chong Chu},
  title = {The design and construction of reference pangenome graphs with minigraph},
  journal = {Genome Biology}
}

@article{Li2018,
  doi = {10.1093/bioinformatics/bty191},
  url = {https://doi.org/10.1093/bioinformatics/bty191},
  year = {2018},
  month = may,
  publisher = {Oxford University Press ({OUP})},
  volume = {34},
  number = {18},
  pages = {3094--3100},
  author = {Heng Li},
  editor = {Inanc Birol},
  title = {Minimap2: pairwise alignment for nucleotide sequences},
  journal = {Bioinformatics}
}

@article{Eizenga2020,
  doi = {10.1146/annurev-genom-120219-080406},
  url = {https://doi.org/10.1146/annurev-genom-120219-080406},
  year = {2020},
  month = aug,
  publisher = {Annual Reviews},
  volume = {21},
  number = {1},
  pages = {139--162},
  author = {Jordan M. Eizenga and Adam M. Novak and Jonas A. Sibbesen and Simon Heumos and Ali Ghaffaari and Glenn Hickey and Xian Chang and Josiah D. Seaman and Robin Rounthwaite and Jana Ebler and Mikko Rautiainen and Shilpa Garg and Benedict Paten and Tobias Marschall and Jouni Sir{\'{e}}n and Erik Garrison},
  title = {Pangenome Graphs},
  journal = {Annual Review of Genomics and Human Genetics}
}

@article{Sekar2016,
  doi = {10.1038/nature16549},
  url = {https://doi.org/10.1038/nature16549},
  year = {2016},
  month = jan,
  publisher = {Springer Science and Business Media {LLC}},
  volume = {530},
  number = {7589},
  pages = {177--183},
  author = {Aswin Sekar and Allison R. Bialas and Heather de Rivera and Avery Davis and Timothy R. Hammond and Nolan Kamitaki and Katherine Tooley and Jessy Presumey and Matthew Baum and Vanessa Van Doren and Giulio Genovese and Samuel A. Rose and Robert E. Handsaker and Mark J. Daly and Michael C. Carroll and Beth Stevens and Steven A. McCarroll and},
  title = {Schizophrenia risk from complex variation of complement component 4},
  journal = {Nature}
}

@article{Hollox2008,
  doi = {10.1186/1471-2148-8-113},
  url = {https://doi.org/10.1186/1471-2148-8-113},
  year = {2008},
  publisher = {Springer Science and Business Media {LLC}},
  volume = {8},
  number = {1},
  pages = {113},
  author = {Edward J Hollox and John AL Armour},
  title = {Directional and balancing selection in human beta-defensins},
  journal = {{BMC} Evolutionary Biology}
}

@article{Vollger2021,
  doi = {10.1101/2021.05.26.445678},
  url = {https://doi.org/10.1101/2021.05.26.445678},
  year = {2021},
  month = may,
  publisher = {Cold Spring Harbor Laboratory},
  author = {Mitchell R. Vollger and Xavi Guitart and Philip C. Dishuck and Ludovica Mercuri and William T. Harvey and Ariel Gershman and Mark Diekhans and Arvis Sulovari and Katherine M. Munson and Alexandra M. Lewis and Kendra Hoekzema and David Porubsky and Ruiyang Li and Sergey Nurk and Sergey Koren and Karen H. Miga and Adam M. Phillippy and Winston Timp and Mario Ventura and Evan E. Eichler},
  title = {Segmental duplications and their variation in a complete human genome}
}

@article{Garrison2018,
  doi = {10.1038/nbt.4227},
  url = {https://doi.org/10.1038/nbt.4227},
  year = {2018},
  month = oct,
  publisher = {Springer Science and Business Media {LLC}},
  volume = {36},
  number = {9},
  pages = {875--879},
  author = {Erik Garrison and Jouni Sir{\'{e}}n and Adam M Novak and Glenn Hickey and Jordan M Eizenga and Eric T Dawson and William Jones and Shilpa Garg and Charles Markello and Michael F Lin and Benedict Paten and Richard Durbin},
  title = {Variation graph toolkit improves read mapping by representing genetic variation in the reference},
  journal = {Nature Biotechnology}
}

@software{Guarracino_wfmash_2021,
  author = {Guarracino, Andrea and Mwaniki, Njagi and Marco-Sola, Santiago and Garrison, Erik},
  license = {MIT},
  month = {9},
  title = {{wfmash: whole-chromosome pairwise alignment using the hierarchical wavefront algorithm}},
  url = {https://github.com/ekg/wfmash},
  version = {0.7.0},
  year = {2021}
}

@article{Armstrong2020,
  doi = {10.1038/s41586-020-2871-y},
  url = {https://doi.org/10.1038/s41586-020-2871-y},
  year = {2020},
  month = nov,
  publisher = {Springer Science and Business Media {LLC}},
  volume = {587},
  number = {7833},
  pages = {246--251},
  author = {Joel Armstrong and Glenn Hickey and Mark Diekhans and Ian T. Fiddes and Adam M. Novak and Alden Deran and Qi Fang and Duo Xie and Shaohong Feng and Josefin Stiller and Diane Genereux and Jeremy Johnson and Voichita Dana Marinescu and Jessica Alf\"{o}ldi and Robert S. Harris and Kerstin Lindblad-Toh and David Haussler and Elinor Karlsson and Erich D. Jarvis and Guojie Zhang and Benedict Paten},
  title = {Progressive Cactus is a multiple-genome aligner for the thousand-genome era},
  journal = {Nature}
}

@article{Grasso2004,
  doi = {10.1093/bioinformatics/bth126},
  url = {https://doi.org/10.1093/bioinformatics/bth126},
  year = {2004},
  month = feb,
  publisher = {Oxford University Press ({OUP})},
  volume = {20},
  number = {10},
  pages = {1546--1556},
  author = {C. Grasso and C. Lee},
  title = {Combining partial order alignment and progressive multiple sequence alignment increases alignment speed and scalability to very large alignment problems},
  journal = {Bioinformatics}
}

@article{Scally2012,
  doi = {10.1038/nature10842},
  url = {https://doi.org/10.1038/nature10842},
  year = {2012},
  month = mar,
  publisher = {Springer Science and Business Media {LLC}},
  volume = {483},
  number = {7388},
  pages = {169--175},
  author = {Aylwyn Scally and Julien Y. Dutheil and LaDeana W. Hillier and Gregory E. Jordan and Ian Goodhead and Javier Herrero and Asger Hobolth and Tuuli Lappalainen and Thomas Mailund and Tomas Marques-Bonet and Shane McCarthy and Stephen H. Montgomery and Petra C. Schwalie and Y. Amy Tang and Michelle C. Ward and Yali Xue and Bryndis Yngvadottir and Can Alkan and Lars N. Andersen and Qasim Ayub and Edward V. Ball and Kathryn Beal and Brenda J. Bradley and Yuan Chen and Chris M. Clee and Stephen Fitzgerald and Tina A. Graves and Yong Gu and Paul Heath and Andreas Heger and Emre Karakoc and Anja Kolb-Kokocinski and Gavin K. Laird and Gerton Lunter and Stephen Meader and Matthew Mort and James C. Mullikin and Kasper Munch and Timothy D. O'Connor and Andrew D. Phillips and Javier Prado-Martinez and Anthony S. Rogers and Saba Sajjadian and Dominic Schmidt and Katy Shaw and Jared T. Simpson and Peter D. Stenson and Daniel J. Turner and Linda Vigilant and Albert J. Vilella and Weldon Whitener and Baoli Zhu and David N. Cooper and Pieter de Jong and Emmanouil T. Dermitzakis and Evan E. Eichler and Paul Flicek and Nick Goldman and Nicholas I. Mundy and Zemin Ning and Duncan T. Odom and Chris P. Ponting and Michael A. Quail and Oliver A. Ryder and Stephen M. Searle and Wesley C. Warren and Richard K. Wilson and Mikkel H. Schierup and Jane Rogers and Chris Tyler-Smith and Richard Durbin},
  title = {Insights into hominid evolution from the gorilla genome sequence},
  journal = {Nature}
}

@article{Garrison2022,
  doi = {10.1101/2022.02.14.480413},
  url = {https://doi.org/10.1101/2022.02.14.480413},
  year = {2022},
  month = feb,
  publisher = {Cold Spring Harbor Laboratory},
  author = {Erik Garrison and Andrea Guarracino},
  title = {Unbiased pangenome graphs}
}

@article{Mose2019,
  doi = {10.1093/bioinformatics/btz033},
  url = {https://doi.org/10.1093/bioinformatics/btz033},
  year = {2019},
  month = jan,
  publisher = {Oxford University Press ({OUP})},
  volume = {35},
  number = {17},
  pages = {2966--2973},
  author = {Lisle E Mose and Charles M Perou and Joel S Parker},
  editor = {Oliver Stegle},
  title = {Improved indel detection in {DNA} and {RNA} via realignment with {ABRA}2},
  journal = {Bioinformatics}
}

@article{Guarracino2021,
  doi = {10.1101/2021.11.10.467921},
  url = {https://doi.org/10.1101/2021.11.10.467921},
  year = {2021},
  month = nov,
  publisher = {Cold Spring Harbor Laboratory},
  author = {Andrea Guarracino and Simon Heumos and Sven Nahnsen and Pjotr Prins and Erik Garrison},
  title = {{ODGI}: understanding pangenome graphs}
}

@article{bib1,
  author		= "Campbell, S. L. and Gear, C. W.",
  title			= "The index of general nonlinear {D}{A}{E}{S}",
  journal		= "Numer. {M}ath.",
  volume		= "72",
  number		= "2",
  pages			= "173--196",
  year			= "1995"
}

%% Journal article with DOI
@article{bib2,
  author		= "Slifka, M. K. and Whitton, J. L.",
  title			= "Clinical implications of dysregulated cytokine production",
  journal		= "J. {M}ol. {M}ed.",
  volume		= "78",
  pages			= "74--80",
  year			= "2000",
  doi			= "10.1007/s001090000086"
}

%% Journal article
@article{bib3,
  author		= "Hamburger, C.",
  title			= "Quasimonotonicity, regularity and duality for nonlinear systems of 
					partial differential equations",
  journal		= "Ann. Mat. Pura. Appl.",
  volume		= "169",
  number		= "2",
  pages			= "321--354",
  year			= "1995"
}

%% book, authored
@book{bib4,
  author		= "Geddes, K. O. and Czapor, S. R. and Labahn, G.",
  title			= "Algorithms for {C}omputer {A}lgebra",
  address		= "Boston",
  publisher		= "Kluwer",
  year			= "1992"
}

%% Item 8. Book, chapter
@incollection{bib5,
  author		= "Broy, M.",
  title			= "Software engineering---from auxiliary to key technologies",
  editor		= "Broy, M. and Denert, E.",
  booktitle		= "Software Pioneers",
  pages			= "10--13",
  address		= "New {Y}ork",
  publisher		= "Springer",
  year			= "1992"
}

%% Book, edited
@book{bib6,
  editor		= "Seymour, R. S.",
  title			= "Conductive {P}olymers",
  address		= "New {Y}ork",
  publisher		= "Plenum",
  year			= "1981"
}

%% Chapter in a book in a series with volume titles
@inproceedings{bib7,
  author		= "Smith, S. E.",
  title			= "Neuromuscular blocking drugs in man",
  editor		= "Zaimis, E.",
  volume		= "42",
  booktitle		= "Neuromuscular junction. {H}andbook of experimental pharmacology",
  pages			= "593--660",
  address		= "Heidelberg",
  publisher		= "Springer",
  year			= "1976"
}

%% Paper presented at a conference
@misc{bib8,
  author		= "Chung, S. T. and Morris, R. L.",
  title			= "Isolation and characterization of plasmid deoxyribonucleic acid from 
					Streptomyces fradiae",
  year			= "1978",
  note			= "Paper presented at the 3rd international symposium on the genetics 
					of industrial microorganisms, University of {W}isconsin, {M}adison, 
					4--9 June 1978"
}

%% Data citation example
@misc{bib9,
  author		= "Hao, Z. and AghaKouchak, A. and Nakhjiri, N. and Farahmand, A.",
  title			= "Global integrated drought monitoring and prediction system (GIDMaPS) data sets", 
  year			= "2014",
  note			= "figshare \url{https://doi.org/10.6084/m9.figshare.853801}"
}

%% Preprint citation example
@misc{bib10, 
  author		= "Babichev, S. A. and Ries, J. and Lvovsky, A. I.",
  title			= "Quantum scissors: teleportation of single-mode optical states by means 
					of a nonlocal single photon", 
  year			= "2002",
  note			= "Preprint at \url{https://arxiv.org/abs/quant-ph/0208066v1}"
}

@article{bib11,
  author		= "Beneke, M. and Buchalla, G. and Dunietz, I.",
  title			= "Mixing induced {CP} asymmetries in inclusive {B} decays",
  journal		= "Phys. {L}ett.",
  volume		= "B393",
  year			= "1997",
  pages			= "132-142",
  archivePrefix		= "arXiv",
  eprint		= "0707.3168",
  primaryClass		= "gr-gc"
}

@softmisc{bib12,
  author		= "Stahl, B.",
  title			= "deep{SIP}: deep learning of {S}upernova {I}a {P}arameters",
  version		= "0.42",
  keywords		= "Software",
  howpublished		= "Astrophysics {S}ource {C}ode {L}ibrary",
  year			= "2020",
  month			= "Jun",
  eid			= "ascl:2006.023",
  pages			= "ascl:2006.023",
  archivePrefix		= "ascl",
  eprint		= "2006.023",
  adsurl		= "{https://ui.adsabs.harvard.edu/abs/2020ascl.soft06023S}",
  adsnote		= "Provided by the SAO/NASA Astrophysics Data System"
}

%%============================================================================%%
%% while using chicago reference style, both abbreviated and expanded form of %%
%% author name format is acceptable. Refer below example for expanded form    %%
%%============================================================================%%

%%  author		= "{Cameron, Deborah}", - single author
%%  author		= "{Saito, Yukio} and {Hyuga, Hiroyuki}", - double author 

%%======================================%%
%% Example for author names with suffix %%
%%======================================%%

%%  author		= "{Price, R. A. Jr} and {Curry, N. {III}} and McCann, K. E. and 
%%					Fielding, J. L. and {Abercrombie, E. Jr}",
